
% DeepSpec as a demonstration of the feasibility of logical specifications

% Tiwari "Look for the proof to find the program"

% Zdancewic "Type-and-example directed synthesis"

% Dillig "Conflict-driven learning"

% Synthesis w.r.t natural proofs

% "Correct by construction" success stories

% Ssreflect and the concept of equals-for-equals
% Rippling and discovering lemmas when rewriting blocks

% Assia's inter-procedural invariant inference

% (Weak forms of) induction in Dafny and CVC4

% QuodLibet -- some justification for implicit induction

% MBQI in Z3

% CEGIS
% Gurfinkel's "exists-forall" solver

% EUF congruence closure

@article {PNAS1934:Curry,
	author = {Curry, H. B.},
	title = {Functionality in Combinatory Logic},
	volume = {20},
	number = {11},
	pages = {584--590},
	year = {1934},
	doi = {10.1073/pnas.20.11.584},
	publisher = {National Academy of Sciences},
	issn = {0027-8424},
	URL = {https://www.pnas.org/content/20/11/584},
	eprint = {https://www.pnas.org/content/20/11/584.full.pdf},
	journal = {Proceedings of the National Academy of Sciences}
}

@inproceedings{Essay1969:Howard,
  title={The formulae-as-types notion of construction},
  author={W. A. Howard},
  year={1969}
}

@article{IC1988:Coquand,
  title = {The calculus of constructions},
  journal = {Information and Computation},
  volume = {76},
  number = {2},
  pages = {95-120},
  year = {1988},
  issn = {0890-5401},
  doi = {https://doi.org/10.1016/0890-5401(88)90005-3},
  url = {https://www.sciencedirect.com/science/article/pii/0890540188900053},
  author = {Thierry Coquand and Gérard Huet}
}

@article{CACM2015:Wadler,
  author = {Wadler, Philip},
  title = {Propositions as Types},
  year = {2015},
  issue_date = {December 2015},
  publisher = {Association for Computing Machinery},
  address = {New York, NY, USA},
  volume = {58},
  number = {12},
  issn = {0001-0782},
  url = {https://doi.org/10.1145/2699407},
  doi = {10.1145/2699407},
  abstract = {Connecting mathematical logic and computation, it ensures that some aspects of programming are absolute.},
  journal = {Commun. ACM},
  month = nov,
  pages = {75–84},
  numpages = {10}
}

@inproceedings{LPAR2010:Leino,
  author    = {K. Rustan M. Leino},
  editor    = {Edmund M. Clarke and
               Andrei Voronkov},
  title     = {Dafny: An Automatic Program Verifier for Functional Correctness},
  booktitle = {Logic for Programming, Artificial Intelligence, and Reasoning - 16th
               International Conference, LPAR-16, Dakar, Senegal, April 25-May 1,
               2010, Revised Selected Papers},
  series    = {Lecture Notes in Computer Science},
  volume    = {6355},
  pages     = {348--370},
  publisher = {Springer},
  year      = {2010},
  url       = {https://doi.org/10.1007/978-3-642-17511-4\_20},
  doi       = {10.1007/978-3-642-17511-4\_20},
  timestamp = {Tue, 14 May 2019 10:00:55 +0200},
  biburl    = {https://dblp.org/rec/conf/lpar/Leino10.bib},
  bibsource = {dblp computer science bibliography, https://dblp.org}
}

@inproceedings{ECOOP2013:Regis,
author = {Blanc, R\'{e}gis and Kuncak, Viktor and Kneuss, Etienne and Suter, Philippe},
title = {An Overview of the Leon Verification System: Verification by Translation to Recursive Functions},
year = {2013},
isbn = {9781450320641},
publisher = {Association for Computing Machinery},
address = {New York, NY, USA},
url = {https://doi.org/10.1145/2489837.2489838},
doi = {10.1145/2489837.2489838},
booktitle = {Proceedings of the 4th Workshop on Scala},
articleno = {1},
numpages = {10},
keywords = {verification, satisfiability},
location = {Montpellier, France},
series = {SCALA '13}
}

@inproceedings{ICSE2009:Schulte,
author = {Schulte, Wolfram},
title = {VCC: Contract-based Modular Verification of Concurrent C},
booktitle = {31st International Conference on Software Engineering, ICSE 2009},
year = {2008},
month = {January},
publisher = {IEEE Computer Society},
url = {https://www.microsoft.com/en-us/research/publication/vcc-contract-based-modular-verification-of-concurrent-c/},
edition = {31st International Conference on Software Engineering, ICSE 2009},
}

% Boogie
@inproceedings{PASTE2005:Barnett,
  author = {Barnett, Mike and Leino, Rustan},
  title = {Weakest-Precondition of Unstructured Programs},
  booktitle = {PASTE '05: The 6th ACM SIGPLAN-SIGSOFT workshop on Program analysis for software tools and engineering},
  year = {2005},
  month = {September},
  publisher = {ACM Press},
  url = {https://www.microsoft.com/en-us/research/publication/weakest-precondition-of-unstructured-programs/},
  pages = {82-87},
  isbn = {1-59593-239-9},
  edition = {PASTE '05: The 6th ACM SIGPLAN-SIGSOFT workshop on Program analysis for software tools and engineering},
}

@inproceedings{CAV2015:Gurfinkel,
  author    = {Arie Gurfinkel and
               Temesghen Kahsai and
               Anvesh Komuravelli and
               Jorge A. Navas},
  editor    = {Daniel Kroening and
               Corina S. Pasareanu},
  title     = {The SeaHorn Verification Framework},
  booktitle = {Computer Aided Verification - 27th International Conference, {CAV}
               2015, San Francisco, CA, USA, July 18-24, 2015, Proceedings, Part
               {I}},
  series    = {Lecture Notes in Computer Science},
  volume    = {9206},
  pages     = {343--361},
  publisher = {Springer},
  year      = {2015},
  url       = {https://doi.org/10.1007/978-3-319-21690-4\_20},
  doi       = {10.1007/978-3-319-21690-4\_20},
  timestamp = {Fri, 27 Mar 2020 08:45:57 +0100},
  biburl    = {https://dblp.org/rec/conf/cav/GurfinkelKKN15.bib},
  bibsource = {dblp computer science bibliography, https://dblp.org}
}

% IC3
@inproceedings{VMCAI2011:Bradley,
  author    = {Aaron R. Bradley},
  editor    = {Ranjit Jhala and
               David A. Schmidt},
  title     = {SAT-Based Model Checking without Unrolling},
  booktitle = {Verification, Model Checking, and Abstract Interpretation - 12th International
               Conference, {VMCAI} 2011, Austin, TX, USA, January 23-25, 2011. Proceedings},
  series    = {Lecture Notes in Computer Science},
  volume    = {6538},
  pages     = {70--87},
  publisher = {Springer},
  year      = {2011},
  url       = {https://doi.org/10.1007/978-3-642-18275-4\_7},
  doi       = {10.1007/978-3-642-18275-4\_7},
  timestamp = {Tue, 14 May 2019 10:00:43 +0200},
  biburl    = {https://dblp.org/rec/conf/vmcai/Bradley11.bib},
  bibsource = {dblp computer science bibliography, https://dblp.org}
}

@inproceedings{relyguarantee1,
  author =	{Ivan Gavran and Filip Niksic and Aditya Kanade and Rupak Majumdar and Viktor Vafeiadis},
  title =	{Rely/Guarantee Reasoning for Asynchronous Programs},
  booktitle =	{26th International Conference on Concurrency Theory (CONCUR 2015)},
  pages =	{483--496},
  series =	{Leibniz International Proceedings in Informatics (LIPIcs)},
  ISBN =	{978-3-939897-91-0},
  ISSN =	{1868-8969},
  year =	{2015},
  volume =	{42},
  editor =	{Luca Aceto and David de Frutos Escrig},
  publisher =	{Schloss Dagstuhl--Leibniz-Zentrum fuer Informatik},
  address =	{Dagstuhl, Germany},
  URL =		{http://drops.dagstuhl.de/opus/volltexte/2015/5390},
  URN =		{urn:nbn:de:0030-drops-53902},
  doi =		{10.4230/LIPIcs.CONCUR.2015.483},
  annote =	{Keywords: Asynchronous programs, rely/guarantee reasoning}
}

@article{TCS2007:Jones,
  author    = {Cliff B. Jones},
  title     = {Splitting atoms safely},
  journal   = {Theor. Comput. Sci.},
  volume    = {375},
  number    = {1-3},
  pages     = {109--119},
  year      = {2007},
  url       = {https://doi.org/10.1016/j.tcs.2006.12.029},
  doi       = {10.1016/j.tcs.2006.12.029},
  timestamp = {Wed, 17 Feb 2021 22:00:15 +0100},
  biburl    = {https://dblp.org/rec/journals/tcs/Jones07.bib},
  bibsource = {dblp computer science bibliography, https://dblp.org}
}

@book{Book1928:Hilbert,
  author = {David Hilbert and Wilhelm Ackermann},
  title = {Principles of Mathmatical Logic},
  note = {(trans. 1950)},
  address = {New York},
  year = {1928}
}

@article{j1935:Gentzen,
  title={Investigations into logical deduction},
  author={Gentzen, Gerhard},
  note={(tras. 1964)},
  journal={American philosophical quarterly},
  volume={1},
  number={4},
  pages={288--306},
  year={1935},
  publisher={JSTOR}
}

% Resolution
@article{JACM1965:Robinson,
  author = {Robinson, J. A.},
  title = {A Machine-Oriented Logic Based on the Resolution Principle},
  year = {1965},
  issue_date = {Jan. 1965},
  publisher = {Association for Computing Machinery},
  address = {New York, NY, USA},
  volume = {12},
  number = {1},
  issn = {0004-5411},
  url = {https://doi.org/10.1145/321250.321253},
  doi = {10.1145/321250.321253},
  journal = {J. ACM},
  month = jan,
  pages = {23–41},
  numpages = {19}
}

@article{IJCM1965:Robinson,
  author = {Robinson, J. A.},
  title = {Automatic deduction with hyper-resolution},
  year = {1965},
  volume = {1},
  number = {3},
  issn = {0004-5411},
  journal = {International journal of computer mathematics},
  month = jan,
  pages = {227–234},
  numpages = {8}
}

@article{Wiley1960:Wang,
  title={Proving theorems by pattern recognition I},
  author={Wang, Hao},
  journal={Communications of the ACM},
  volume={3},
  number={4},
  pages={220--234},
  year={1960},
  publisher={ACM New York, NY, USA}
}

@article{Wiley1961:Wang,
  title={Proving theorems by pattern recognition—II},
  author={Wang, Hao},
  journal={Bell system technical journal},
  volume={40},
  number={1},
  pages={1--41},
  year={1961},
  publisher={Wiley Online Library}
}

@inproceedings{LPAR1992:Bachmair,
  title={Non-clausal resolution and superposition with selection and redundancy criteria},
  author={Bachmair, Leo and Ganzinger, Harald},
  booktitle={International Conference on Logic for Programming Artificial Intelligence and Reasoning},
  pages={273--284},
  year={1992},
  organization={Springer}
}

@article{AIC2002:Schulz,
  author = {Schulz, Stephan},
  title = {E --- a Brainiac Theorem Prover},
  year = {2002},
  issue_date = {August 2002},
  publisher = {IOS Press},
  address = {NLD},
  volume = {15},
  number = {2,3},
  issn = {0921-7126},
  journal = {AI Commun.},
  month = aug,
  pages = {111–126},
  numpages = {16},
  keywords = {E, search control, superposition, Theorem proving, rewriting}
}

@inproceedings{Z3SMT,
author = {De Moura, Leonardo and Bj\o{}rner, Nikolaj},
title = {Z3: An Efficient SMT Solver},
year = {2008},
isbn = {3540787992},
publisher = {Springer-Verlag},
address = {Berlin, Heidelberg},
booktitle = {Proceedings of the Theory and Practice of Software, 14th International Conference on Tools and Algorithms for the Construction and Analysis of Systems},
pages = {337–340},
numpages = {4},
location = {Budapest, Hungary},
series = {TACAS'08/ETAPS'08}
}

@article{JAR1995:Voronkov,
  title = {The Anatomy of {Vampire} --- Implementing Bottom-up Procedures with Code Trees},
  author = {Andrei Voronkov},
  year = {1995},
  month = jun,
  doi = {10.1007/BF00881918},
  volume = {15},
  pages = {237--265},
  journal = {Journal of Automated Reasoning},
  issn = {0168-7433},
  publisher = {Springer Nature}
}

@inproceedings{CAV2013:Kovacs,
  author    = {Laura Kov{\'{a}}cs and
               Andrei Voronkov},
  editor    = {Natasha Sharygina and
               Helmut Veith},
  title     = {First-Order Theorem Proving and {Vampire}},
  booktitle = {Computer Aided Verification - 25th International Conference, {CAV}
               2013, Saint Petersburg, Russia, July 13-19, 2013. Proceedings},
  series    = {Lecture Notes in Computer Science},
  volume    = {8044},
  pages     = {1--35},
  publisher = {Springer},
  year      = {2013},
  url       = {https://doi.org/10.1007/978-3-642-39799-8\_1},
  doi       = {10.1007/978-3-642-39799-8\_1},
  timestamp = {Tue, 14 May 2019 10:00:43 +0200},
  biburl    = {https://dblp.org/rec/conf/cav/KovacsV13.bib},
  bibsource = {dblp computer science bibliography, https://dblp.org}
}

@inproceedings{CADE2008:Korovin,
  author    = {Konstantin Korovin},
  editor    = {Alessandro Armando and
               Peter Baumgartner and
               Gilles Dowek},
  title     = {iProver - An Instantiation-Based Theorem Prover for First-Order Logic
               (System Description)},
  booktitle = {Automated Reasoning, 4th International Joint Conference, {IJCAR} 2008,
               Sydney, Australia, August 12-15, 2008, Proceedings},
  series    = {Lecture Notes in Computer Science},
  volume    = {5195},
  pages     = {292--298},
  publisher = {Springer},
  year      = {2008},
  url       = {https://doi.org/10.1007/978-3-540-71070-7\_24},
  doi       = {10.1007/978-3-540-71070-7\_24},
  timestamp = {Tue, 14 May 2019 10:00:39 +0200},
  biburl    = {https://dblp.org/rec/conf/cade/Korovin08.bib},
  bibsource = {dblp computer science bibliography, https://dblp.org}
}

% TC is all induction
@Inbook{Book2003:Avron,
  author="Avron, Arnon",
  editor="Kamareddine, Fairouz D.",
  title="Transitive Closure and the Mechanization of Mathematics",
  bookTitle="Thirty Five Years of Automating Mathematics",
  year="2003",
  publisher="Springer Netherlands",
  address="Dordrecht",
  pages="149--171",
  isbn="978-94-017-0253-9",
  doi="10.1007/978-94-017-0253-9_7",
  url="https://doi.org/10.1007/978-94-017-0253-9_7"
}

% LIA
@InProceedings{CAV2006:Dutertre,
  author="Dutertre, Bruno
  and de Moura, Leonardo",
  editor="Ball, Thomas
  and Jones, Robert B.",
  title={A Fast Linear-Arithmetic Solver for {DPLL(T)}},
  booktitle="Computer Aided Verification",
  year="2006",
  publisher="Springer Berlin Heidelberg",
  address="Berlin, Heidelberg",
  pages="81--94",
  isbn="978-3-540-37411-4"
}

% BV
@InProceedings{TACAS2007:Bryant,
  author="Bryant, Randal E.
    and Kroening, Daniel
    and Ouaknine, Jo{\"e}l
    and Seshia, Sanjit A.
    and Strichman, Ofer
    and Brady, Bryan",
    editor="Grumberg, Orna
    and Huth, Michael",
  title="Deciding Bit-Vector Arithmetic with Abstraction",
  booktitle="Tools and Algorithms for the Construction and Analysis of Systems",
  year="2007",
  publisher="Springer Berlin Heidelberg",
  address="Berlin, Heidelberg",
  pages="358--372",
  isbn="978-3-540-71209-1"
}

% arrays
@InProceedings{CAV2007:Ganesh,
  author="Ganesh, Vijay
  	and Dill, David L.",
  editor="Damm, Werner
  and Hermanns, Holger",
  title="A Decision Procedure for Bit-Vectors and Arrays",
  booktitle="Computer Aided Verification",
  year="2007",
  publisher="Springer Berlin Heidelberg",
  address="Berlin, Heidelberg",
  pages="519--531",
  isbn="978-3-540-73368-3"
}

@inproceedings{VMCAI2006:Bradley,
  author = {Bradley, Aaron R. and Manna, Zohar and Sipma, Henny B.},
  title = {What's Decidable about Arrays?},
  year = {2006},
  isbn = {3540311394},
  publisher = {Springer-Verlag},
  address = {Berlin, Heidelberg},
  url = {https://doi.org/10.1007/11609773_28},
  doi = {10.1007/11609773_28},
  booktitle = {Proceedings of the 7th International Conference on Verification, Model Checking, and Abstract Interpretation},
  pages = {427–442},
  numpages = {16},
  location = {Charleston, SC},
  series = {VMCAI'06}
}

% Paramodulation in logic
@article{Book2001:Nieuwenhuis,
  title={Paramodulation-Based Theorem Proving.},
  author={Nieuwenhuis, Robert and Rubio, Albert},
  journal={Handbook of automated reasoning},
  volume={1},
  pages={371--443},
  year={2001},
  publisher={Citeseer}
}

% Knuth-Bendix completion
@incollection{AR1983:Knuth,
  title={Simple word problems in universal algebras},
  author={Knuth, Donald E. and Bendix, Peter B.},
  booktitle={Automation of Reasoning},
  pages={342--376},
  year={1983},
  publisher={Springer}
}

@inproceedings{ICRTA2006:Wehrman,
  title={Slothrop: Knuth-Bendix completion with a modern termination checker},
  author={Wehrman, Ian and Stump, Aaron and Westbrook, Edwin},
  booktitle={International Conference on Rewriting Techniques and Applications},
  pages={287--296},
  year={2006},
  organization={Springer}
}

% Nelson-Oppen
@article{JACM1980:Nelson,
  author = {Nelson, Greg and Oppen, Derek C.},
  title = {Fast Decision Procedures Based on Congruence Closure},
  year = {1980},
  issue_date = {April 1980},
  publisher = {Association for Computing Machinery},
  address = {New York, NY, USA},
  volume = {27},
  number = {2},
  issn = {0004-5411},
  url = {https://doi.org/10.1145/322186.322198},
  doi = {10.1145/322186.322198},
  journal = {J. ACM},
  month = apr,
  pages = {356–364},
  numpages = {9}
}

@article{FTPL2019:Ringer,
  author = {Talia Ringer and Karl Palmskog and Ilya Sergey and Milos Gligoric and Zachary Tatlock},
  title = {QED at Large: A Survey of Engineering of Formally Verified Software},
  year = {2019},
  volume = {5},
  journal = {Foundations and Trends in Programming Languages},
  doi = {10.1561/2500000045},
  issn = {2325-1107},
  number = {2-3},
  pages = {102-281},
  url = {http://dx.doi.org/10.1561/2500000045}
}

@inproceedings{LICS2007:Brotherston,
  title={Complete sequent calculi for induction and infinite descent},
  author={Brotherston, James and Simpson, Alex},
  booktitle={22nd Annual IEEE Symposium on Logic in Computer Science (LICS 2007)},
  pages={51--62},
  year={2007},
  organization={IEEE}
}

@inproceedings{CAV2014:Pranav,
  author={Garg, Pranav
  and L{\"o}ding, Christof
  and Madhusudan, P.
  and Neider, Daniel},
  editor="Biere, Armin
  and Bloem, Roderick",
  title={{ICE}: A Robust Framework for Learning Invariants},
  booktitle="Computer Aided Verification",
  year="2014",
  publisher="Springer International Publishing",
  address="Cham",
  pages="69--87",
  isbn="978-3-319-08867-9"
}

@InProceedings{CAV2013:Piskac,
  author={Piskac, Ruzica
    and Wies, Thomas
    and Zufferey, Damien},
  editor="Sharygina, Natasha
  and Veith, Helmut",
  title={Automating Separation Logic Using {SMT}},
  booktitle="Computer Aided Verification",
  year="2013",
  publisher="Springer Berlin Heidelberg",
  address="Berlin, Heidelberg",
  pages="773--789",
  isbn="978-3-642-39799-8"
}

% Lemma synthesis FOL+lfp
% (currently in arXiv but should appear in CAV)
@article{CAV2021:Murali,
  title={Synthesizing Lemmas for Inductive Reasoning},
  author={A. Murali and Lucas Pe{\~n}a and Christof L{\"o}ding and P. Madhusudan},
  journal={ArXiv},
  year={2020},
  volume={abs/2009.10207}
}

% this is a lie
@article{arXiv2020:Padon,
  title={Induction Duality: Primal-Dual Search for Inductive Invariants},
  author={Oded Padon and Alex Aiken},
  journal={ArXiv},
  year={2020},
  volume={abs/2009.10207}
}

@article{FAC2008:Bradley,
  title={Property-directed incremental invariant generation},
  author={Bradley, Aaron R and Manna, Zohar},
  journal={Formal Aspects of Computing},
  volume={20},
  number={4},
  pages={379--405},
  year={2008},
  publisher={Springer}
}

@article{DPLL1,
  author = {Davis, Martin and Putnam, Hilary},
  title = {A Computing Procedure for Quantification Theory},
  year = {1960},
  issue_date = {July 1960},
  publisher = {Association for Computing Machinery},
  address = {New York, NY, USA},
  volume = {7},
  number = {3},
  issn = {0004-5411},
  url = {https://doi.org/10.1145/321033.321034},
  doi = {10.1145/321033.321034},
  journal = {J. ACM},
  month = jul,
  pages = {201–215},
  numpages = {15}
}

@article{DPLL2,
  author = {Davis, Martin and Logemann, George and Loveland, Donald},
  title = {A Machine Program for Theorem-Proving},
  year = {1962},
  issue_date = {July 1962},
  publisher = {Association for Computing Machinery},
  address = {New York, NY, USA},
  volume = {5},
  number = {7},
  issn = {0001-0782},
  url = {https://doi.org/10.1145/368273.368557},
  doi = {10.1145/368273.368557},
  abstract = {The programming of a proof procedure is discussed in connection with trial runs and possible improvements.},
  journal = {Commun. ACM},
  month = jul,
  pages = {394–397},
  numpages = {4}
}

% CDCL
@article{CDCL,
  author={J. P. {Marques-Silva} and K. A. {Sakallah}},
  journal={IEEE Transactions on Computers},
  title={GRASP: a search algorithm for propositional satisfiability},
  year={1999},
  volume={48},
  number={5},
  pages={506-521},
  doi={10.1109/12.769433}
}


@article{SAT2020:CaDiCaL,
  title={{CaDiCaL}, {Kissat}, {Paracooba}, {Plingeling} and {Treengeling} entering the SAT Competition 2020},
  author={Mathias Fleury and Armin Biere and Katalin Fazekas and Maximilian Heisinger},
  journal={Proceedings of SAT Competition},
  pages={14--15},
  year={2017}
}

% cyclic TC
@article{TOCL2020:Cohen,
  author    = {Liron Cohen and
               Reuben N. S. Rowe},
  title     = {Non-well-founded Proof Theory of Transitive Closure Logic},
  journal   = {{ACM} Trans. Comput. Log.},
  volume    = {21},
  number    = {4},
  pages     = {31:1--31:31},
  year      = {2020},
  url       = {https://doi.org/10.1145/3404889},
  doi       = {10.1145/3404889},
  timestamp = {Tue, 29 Dec 2020 18:26:24 +0100}
}

% - with coinduction
@inproceedings{IJCAR2020:Cohen,
  author    = {Liron Cohen and
               Reuben N. S. Rowe},
  editor    = {Nicolas Peltier and
               Viorica Sofronie{-}Stokkermans},
  title     = {Integrating Induction and Coinduction via Closure Operators and Proof
               Cycles},
  booktitle = {Automated Reasoning - 10th International Joint Conference, {IJCAR}
               2020, Paris, France, July 1-4, 2020, Proceedings, Part {I}},
  series    = {Lecture Notes in Computer Science},
  volume    = {12166},
  pages     = {375--394},
  publisher = {Springer},
  year      = {2020},
  url       = {https://doi.org/10.1007/978-3-030-51074-9\_21},
  doi       = {10.1007/978-3-030-51074-9\_21},
  timestamp = {Thu, 06 Aug 2020 21:49:45 +0200}
}

% SuSLik
@article{POPL2019:Polikarpova,
  author    = {Nadia Polikarpova and
               Ilya Sergey},
  title     = {Structuring the synthesis of heap-manipulating programs},
  journal   = {Proc. {ACM} Program. Lang.},
  volume    = {3},
  number    = {{POPL}},
  pages     = {72:1--72:30},
  year      = {2019},
  url       = {https://doi.org/10.1145/3290385},
  doi       = {10.1145/3290385},
  timestamp = {Wed, 17 Feb 2021 08:54:05 +0100}
}

% Cypress
@inproceedings{PLDI2021:Itzhaky,
  author    = { Shachar Itzhaky and Hila Peleg and
                Nadia Polikarpova and 
                Reuben Rowe and Ilya Sergey },
  title     = {Cyclic program synthesis},
  booktitle = {Proceedings of the 42st {ACM} {SIGPLAN} International Conference on
               Programming Language Design and Implementation, {PLDI} 2021 (to appear)},
  year      = {2021}
}

% Spacer
@inproceedings{CAV2013:Komuravelli,
  author    = {Anvesh Komuravelli and
               Arie Gurfinkel and
               Sagar Chaki and
               Edmund M. Clarke},
  editor    = {Natasha Sharygina and
               Helmut Veith},
  title     = {Automatic Abstraction in SMT-Based Unbounded Software Model Checking},
  booktitle = {Computer Aided Verification - 25th International Conference, {CAV}
               2013, Saint Petersburg, Russia, July 13-19, 2013. Proceedings},
  series    = {Lecture Notes in Computer Science},
  volume    = {8044},
  pages     = {846--862},
  publisher = {Springer},
  year      = {2013},
  url       = {https://doi.org/10.1007/978-3-642-39799-8\_59},
  doi       = {10.1007/978-3-642-39799-8\_59},
  timestamp = {Tue, 14 May 2019 10:00:43 +0200},
  biburl    = {https://dblp.org/rec/conf/cav/KomuravelliGCC13.bib},
  bibsource = {dblp computer science bibliography, https://dblp.org}
}

% Horn-SAT
@inproceedings{CAV2014:Komuravelli,
  author    = {Anvesh Komuravelli and
               Arie Gurfinkel and
               Sagar Chaki},
  editor    = {Armin Biere and
               Roderick Bloem},
  title     = {SMT-Based Model Checking for Recursive Programs},
  booktitle = {Computer Aided Verification - 26th International Conference, {CAV}
               2014, Held as Part of the Vienna Summer of Logic, {VSL} 2014, Vienna,
               Austria, July 18-22, 2014. Proceedings},
  series    = {Lecture Notes in Computer Science},
  volume    = {8559},
  pages     = {17--34},
  publisher = {Springer},
  year      = {2014},
  url       = {https://doi.org/10.1007/978-3-319-08867-9\_2},
  doi       = {10.1007/978-3-319-08867-9\_2},
  timestamp = {Tue, 14 May 2019 10:00:43 +0200},
  biburl    = {https://dblp.org/rec/conf/cav/KomuravelliGC14.bib},
  bibsource = {dblp computer science bibliography, https://dblp.org}
}

@inproceedings{CAV2019:Feldman,
  author    = {Yotam M. Y. Feldman and
               James R. Wilcox and
               Sharon Shoham and
               Mooly Sagiv},
  editor    = {Isil Dillig and
               Serdar Tasiran},
  title     = {Inferring Inductive Invariants from Phase Structures},
  booktitle = {Computer Aided Verification - 31st International Conference, {CAV}
               2019, New York City, NY, USA, July 15-18, 2019, Proceedings, Part
               {II}},
  series    = {Lecture Notes in Computer Science},
  volume    = {11562},
  pages     = {405--425},
  publisher = {Springer},
  year      = {2019},
  url       = {https://doi.org/10.1007/978-3-030-25543-5\_23},
  doi       = {10.1007/978-3-030-25543-5\_23},
  timestamp = {Fri, 31 Jan 2020 21:32:18 +0100},
  biburl    = {https://dblp.org/rec/conf/cav/FeldmanWSS19.bib},
  bibsource = {dblp computer science bibliography, https://dblp.org}
}

@inproceedings{TACAS2015:Gurfinkel,
  author    = {Arie Gurfinkel and
               Temesghen Kahsai and
               Jorge A. Navas},
  editor    = {Christel Baier and
               Cesare Tinelli},
  title     = {SeaHorn: {A} Framework for Verifying {C} Programs (Competition Contribution)},
  booktitle = {Tools and Algorithms for the Construction and Analysis of Systems
               - 21st International Conference, {TACAS} 2015, Held as Part of the
               European Joint Conferences on Theory and Practice of Software, {ETAPS}
               2015, London, UK, April 11-18, 2015. Proceedings},
  series    = {Lecture Notes in Computer Science},
  volume    = {9035},
  pages     = {447--450},
  publisher = {Springer},
  year      = {2015},
  url       = {https://doi.org/10.1007/978-3-662-46681-0\_41},
  doi       = {10.1007/978-3-662-46681-0\_41},
  timestamp = {Tue, 20 Aug 2019 15:27:24 +0200},
  biburl    = {https://dblp.org/rec/conf/tacas/GurfinkelKN15.bib},
  bibsource = {dblp computer science bibliography, https://dblp.org}
}

@book{Book2001:Clarke,
  author    = {Edmund M. Clarke and
               Orna Grumberg and
               Doron A. Peled},
  title     = {Model checking},
  publisher = {{MIT} Press},
  year      = {2001},
  url       = {http://books.google.de/books?id=Nmc4wEaLXFEC},
  isbn      = {978-0-262-03270-4},
  timestamp = {Fri, 12 Feb 2016 07:36:55 +0100},
  biburl    = {https://dblp.org/rec/books/daglib/0007403.bib},
  bibsource = {dblp computer science bibliography, https://dblp.org}
}

@incollection{SSS2014:Grumberg,
  author    = {Orna Grumberg and
               Sharon Shoham and
               Yakir Vizel},
  editor    = {Orna Grumberg and
               Helmut Seidl and
               Maximilian Irlbeck},
  title     = {SAT-based Model Checking: Interpolation, IC3, and Beyond},
  booktitle = {Software Systems Safety},
  series    = {{NATO} Science for Peace and Security Series, {D:} Information and
               Communication Security},
  volume    = {36},
  pages     = {17--41},
  publisher = {{IOS} Press},
  year      = {2014},
  url       = {https://doi.org/10.3233/978-1-61499-385-8-17},
  doi       = {10.3233/978-1-61499-385-8-17},
  timestamp = {Fri, 02 Nov 2018 09:27:02 +0100},
  biburl    = {https://dblp.org/rec/series/natosec/GrumbergSV14.bib},
  bibsource = {dblp computer science bibliography, https://dblp.org}
}

@inproceedings{MFPS2008:Varming,
  author    = {Carsten Varming and
               Lars Birkedal},
  editor    = {Andrej Bauer and
               Michael W. Mislove},
  title     = {Higher-Order Separation Logic in Isabelle/HOLCF},
  booktitle = {Proceedings of the 24th Conference on the Mathematical Foundations
               of Programming Semantics, {MFPS} 2008, Philadelphia, PA, USA, May
               22-25, 2008},
  series    = {Electronic Notes in Theoretical Computer Science},
  volume    = {218},
  pages     = {371--389},
  publisher = {Elsevier},
  year      = {2008},
  url       = {https://doi.org/10.1016/j.entcs.2008.10.022},
  doi       = {10.1016/j.entcs.2008.10.022},
  timestamp = {Mon, 08 Feb 2021 13:26:21 +0100},
  biburl    = {https://dblp.org/rec/journals/entcs/VarmingB08.bib},
  bibsource = {dblp computer science bibliography, https://dblp.org}
}

@article{JAR2018:Cao,
  author    = {Qinxiang Cao and
               Lennart Beringer and
               Samuel Gruetter and
               Josiah Dodds and
               Andrew W. Appel},
  title     = {VST-Floyd: A {Separation Logic} Tool to Verify Correctness of {C}
               Programs},
  journal   = {J. Autom. Reason.},
  volume    = {61},
  number    = {1-4},
  pages     = {367--422},
  year      = {2018},
  url       = {https://doi.org/10.1007/s10817-018-9457-5},
  doi       = {10.1007/s10817-018-9457-5},
  timestamp = {Wed, 02 Sep 2020 13:29:44 +0200},
  biburl    = {https://dblp.org/rec/journals/jar/CaoBGDA18.bib},
  bibsource = {dblp computer science bibliography, https://dblp.org}
}

@inproceedings{CADE2007:deMoura,
  author    = {Leonardo Mendon{\c{c}}a de Moura and
               Nikolaj Bj{\o}rner},
  editor    = {Frank Pfenning},
  title     = {Efficient E-Matching for {SMT} Solvers},
  booktitle = {Automated Deduction - CADE-21, 21st International Conference on Automated
               Deduction, Bremen, Germany, July 17-20, 2007, Proceedings},
  series    = {Lecture Notes in Computer Science},
  volume    = {4603},
  pages     = {183--198},
  publisher = {Springer},
  year      = {2007},
  url       = {https://doi.org/10.1007/978-3-540-73595-3\_13},
  doi       = {10.1007/978-3-540-73595-3\_13},
  timestamp = {Tue, 14 May 2019 10:00:39 +0200},
  biburl    = {https://dblp.org/rec/conf/cade/MouraB07.bib},
  bibsource = {dblp computer science bibliography, https://dblp.org}
}

% E-unification in functional programming COOL
@inproceedings{POPL2015:Sjoberg,
  author    = {Vilhelm Sj{\"{o}}berg and
               Stephanie Weirich},
  editor    = {Sriram K. Rajamani and
               David Walker},
  title     = {Programming up to Congruence},
  booktitle = {Proceedings of the 42nd Annual {ACM} {SIGPLAN-SIGACT} Symposium on
               Principles of Programming Languages, {POPL} 2015, Mumbai, India, January
               15-17, 2015},
  pages     = {369--382},
  publisher = {{ACM}},
  year      = {2015},
  url       = {https://doi.org/10.1145/2676726.2676974},
  doi       = {10.1145/2676726.2676974},
  timestamp = {Sat, 19 Oct 2019 20:03:00 +0200},
  biburl    = {https://dblp.org/rec/conf/popl/SjobergW15.bib},
  bibsource = {dblp computer science bibliography, https://dblp.org}
}