@article{bird2006functional,
  title={Functional pearl: A program to solve sudoku},
  author={Bird, Richard},
  journal={Journal of Functional Programming},
  volume={16},
  number={06},
  pages={671--679},
  year={2006},
  publisher={Cambridge Univ Press}
}
