@article{MLCS1994/Avron,
  author    = {Arnon Avron and
               Yoram Hirshfeld},
  title     = {Queries evaluation, relative safety, and domain independence in first-order
               database languages with functions},
  journal   = {Meth. of Logic in {CS}},
  volume    = {1},
  number    = {3},
  pages     = {261--277},
  year      = {1994}
}

@inproceedings{Festschrift2017/JohanssonDB10,
  author    = {Moa Johansson and
               Lucas Dixon and
               Alan Bundy},
  title     = {Dynamic Rippling, Middle-Out Reasoning and Lemma Discovery},
  booktitle = {Verification, Induction, Termination Analysis - Festschrift for Christoph
               Walther on the Occasion of His 60th Birthday},
  pages     = {102--116},
  year      = {2010}
}

@phdthesis{Thesis2009/Johansson,
  author       = {Moa Johansson}, 
  title        = {Automated Discovery of Inductive Lemmas},
  school       = {School of Informatics, University of Edinburgh},
  year         = 2009
}

@inproceedings{CAV2012/Hoffman,
  author    = {Jan Hoffmann and
               Klaus Aehlig and
               Martin Hofmann},
  title     = {Resource Aware {ML}},
  booktitle = {Computer Aided Verification - 24th International Conference, {CAV}
               2012, Berkeley, CA, USA, July 7-13, 2012 Proceedings},
  pages     = {781--786},
  year      = {2012}
}

% First Finite Differencing paper
@article{TOPLAS1982/Paige,
 author = {Paige, Robert and Koenig, Shaye},
 title = {Finite Differencing of Computable Expressions},
 journal = {ACM Trans. Program. Lang. Syst.},
 issue_date = {July 1982},
 volume = {4},
 number = {3},
 month = jul,
 year = {1982},
 issn = {0164-0925},
 pages = {402--454},
 numpages = {53}
} 

% Symbolic Finite Differencing
@inproceedings{ESOP1990/Paige,
	author="Paige, Robert",
	editor="Jones, Neil",
	title="Symbolic finite differencing - Part I",
	bookTitle="ESOP '90: 3rd European Symposium on Programming Copenhagen, Denmark, May 15--18, 1990 Proceedings",
	year="1990",
	address="Berlin, Heidelberg",
	pages="36--56"
}

% Dijkstra's book that also talks about finite differencing
@book{Book1997/Dijkstra,
 author = {Dijkstra, Edsger Wybe},
 title = {A  Discipline of Programming},
 year = {1997},
 isbn = {013215871X},
 edition = {1st},
 publisher = {Prentice Hall PTR},
 address = {Upper Saddle River, NJ, USA},
}

% Also relates to Finite Differencing according to Paige
@inproceedings{VHLL1974/Earley,
 author = {Earley, Jay},
 title = {High Level Operations in Automatic Programming},
 booktitle = {Proceedings of the ACM SIGPLAN Symposium on Very High Level Languages},
 year = {1974},
 location = {Santa Monica, California, USA},
 pages = {34--42},
 numpages = {9}
} 


% Operator Strength Reduction
@article{CACM1997/Cocke,
 author = {Cocke, John and Kennedy, Ken},
 title = {An Algorithm for Reduction of Operator Strength},
 journal = {Commun. ACM},
 issue_date = {Nov. 1977},
 volume = {20},
 number = {11},
 month = nov,
 year = {1977},
 issn = {0001-0782},
 pages = {850--856},
 numpages = {7}
} 

% The What and the How terminology
@article{CACM2012/Bodik,
  author    = {Rastislav Bod{\'{\i}}k},
  title     = {Compiling what to how: technical perspective},
  journal   = {Commun. {ACM}},
  volume    = {55},
  number    = {2},
  pages     = {102},
  year      = {2012}
}

% Old refinement paper (Finland)
@INPROCEEDINGS{TPHOLs1996/Butler,
    author = {Michael Butler and Thomas L\r{a}ngbacka},
    title = {Program Derivation Using the Refinement Calculator},
    booktitle = {Theorem Proving in Higher Order Logics, volume 1125 of Lecture Notes in Computer Science},
    year = {1996},
    pages = {93--108},
    publisher = {Springer Verlag}
}

% Even older refinement paper
@ARTICLE{AI1985/Smith,
	author = {Douglas R. Smith},
	title = {Top-down synthesis of divide-and-conquer algorithms},
	journal = "Artificial Intelligence ",
	volume = "27",
	number = "1",
	pages = {43--96},
	year = "1985"
}

% DTRE (Similar to KIDS; a Specware predecessor)
@INPROCEEDINGS{CPS1991/Blaine,
    author = {Lee Blaine and Allen Goldberg},
    title = {{DTRE} --- A Semi-Automatic Transformation System},
    booktitle = {Constructing Programs from Specifications},
    year = {1991},
    pages = {165--204},
    publisher = {Elsevier}
}

% KIDS
@article{TSE1990/Smith,
  author    = {Douglas R. Smith},
  title     = {{KIDS:} {A} Semiautomatic Program Development System},
  journal   = {{IEEE} Trans. Software Eng.},
  volume    = {16},
  number    = {9},
  pages     = {1024--1043},
  year      = {1990}
}

% Specware
@misc{2001/McDonald:specware,
    author = {James McDonald and John Anton},
    title = {SPECWARE - Producing Software Correct by Construction},
    year = {2001}
}

% AutoBayes
@article{JFP2003/Fischer,
 author = {Fischer, Bernd and Schumann, Johann},
 title = {AutoBayes: A System for Generating Data Analysis Programs from Statistical Models},
 journal = {J. Funct. Program.},
 issue_date = {May 2003},
 volume = {13},
 number = {3},
 month = may,
 year = {2003},
 issn = {0956-7968},
 pages = {483--508},
 numpages = {26}
} 

% Fiat (Coq-based refinement library)
@inproceedings{POPL2015/Delaware,
  author    = {Benjamin Delaware and
               Cl{\'{e}}ment Pit{-}Claudel and
               Jason Gross and
               Adam Chlipala},
  title     = {Fiat: Deductive Synthesis of Abstract Data Types in a Proof Assistant},
  booktitle = {Proceedings of the 42nd Annual {ACM} {SIGPLAN-SIGACT} Symposium on
               Principles of Programming Languages, {POPL} 2015, Mumbai, India, January
               15-17, 2015},
  pages     = {689--700},
  year      = {2015}
}

% Shaz's greatest refinement ever (for verification)
@inproceedings{CAV2015/Hawblitzel,
  author    = {Chris Hawblitzel and
               Erez Petrank and
               Shaz Qadeer and
               Serdar Tasiran},
  title     = {Automated and Modular Refinement Reasoning for Concurrent Programs},
  booktitle = {Computer Aided Verification - 27th International Conference, {CAV}
               2015, San Francisco, CA, USA, July 18-24, 2015, Proceedings, Part
               {II}},
  pages     = {449--465},
  year      = {2015}
}

% IronFleet (two-level verification)
@inproceedings{SOSP15/Hawblitzel,
  author    = {Chris Hawblitzel and
               Jon Howell and
               Manos Kapritsos and
               Jacob R. Lorch and
               Bryan Parno and
               Michael L. Roberts and
               Srinath T. V. Setty and
               Brian Zill},
  title     = {IronFleet: proving practical distributed systems correct},
  booktitle = {Proceedings of the 25th Symposium on Operating Systems Principles,
               {SOSP} 2015, Monterey, CA, USA, October 4-7, 2015},
  pages     = {1--17},
  year      = {2015}
}

% DSL symbolic compilation -- shows that abstractions are useful for analysis and debugging
@InProceedings{SNAPL2107/Bodik,
  author =	{Rastislav Bod{\'i}k and Kartik Chandra and Phitchaya Mangpo Phothilimthana and Nathaniel Yazdani},
  title =	{{Domain-Specific Symbolic Compilation}},
  booktitle =	{2nd Summit on Advances in Programming Languages (SNAPL 2017)},
  pages =	{2:1--2:17},
  series =	{Leibniz International Proceedings in Informatics (LIPIcs)},
  ISBN =	{978-3-95977-032-3},
  ISSN =	{1868-8969},
  year =	{2017}
}

% Scala^Z3, embedding constraint solving in a functional language
@inproceedings{CADE2011/Koksal,
  author    = {Ali Sinan K{\"{o}}ksal and
               Viktor Kuncak and
               Philippe Suter},
  title     = {Scala to the Power of {Z3:} Integrating {SMT} and Programming},
  booktitle = {Automated Deduction - {CADE-23} - 23rd International Conference on
               Automated Deduction, Wroclaw, Poland, July 31 - August 5, 2011. Proceedings},
  pages     = {400--406},
  year      = {2011}
}

% Synthesis procedures -- achievable declarative programming w/ solvers
@article{CACM2012/Kuncak,
 author = {Kuncak, Viktor and Mayer, Mika{\"e}l and Piskac, Ruzica and Suter, Philippe},
 title = {Software Synthesis Procedures},
 journal = {Commun. ACM},
 issue_date = {February 2012},
 volume = {55},
 number = {2},
 month = feb,
 year = {2012}
} 

%
% Interactive synthesis stuff
%
@inproceedings{SYNASC2012/Gulwani,
  author    = {Sumit Gulwani},
  title     = {Synthesis from Examples: Interaction Models and Algorithms},
  booktitle = {14th International Symposium on Symbolic and Numeric Algorithms for
               Scientific Computing, {SYNASC} 2012, Timisoara, Romania, September
               26-29, 2012},
  pages     = {8--14},
  year      = {2012}
}
% - FlashFill!
@article{CACM2012/Gulwani,
  author    = {Sumit Gulwani and
               William R. Harris and
               Rishabh Singh},
  title     = {Spreadsheet data manipulation using examples},
  journal   = {Commun. {ACM}},
  volume    = {55},
  number    = {8},
  pages     = {97--105},
  year      = {2012}
}
@inproceedings{CAV2011/Gvero,
  author    = {Tihomir Gvero and
               Viktor Kuncak and
               Ruzica Piskac},
  title     = {Interactive Synthesis of Code Snippets},
  booktitle = {Computer Aided Verification - 23rd International Conference, {CAV}
               2011, Snowbird, UT, USA, July 14-20, 2011. Proceedings},
  pages     = {418--423},
  year      = {2011}
}
@inproceedings{Onward2015/Barman,
 author = {Barman, Shaon and Bodik, Rastislav and Chandra, Satish and Torlak, Emina and Bhattacharya, Arka and Culler, David},
 title = {Toward Tool Support for Interactive Synthesis},
 booktitle = {2015 ACM International Symposium on New Ideas, New Paradigms, and Reflections on Programming and Software (Onward!)},
 series = {Onward! 2015},
 year = {2015},
 isbn = {978-1-4503-3688-8},
 location = {Pittsburgh, PA, USA},
 pages = {121--136},
 numpages = {16}
}
% - DemoMatch
@inproceedings{PLDI2017/Yessenov,
  author    = {Kuat Yessenov and
               Ivan Kuraj and
               Armando Solar{-}Lezama},
  title     = {DemoMatch: {API} discovery from demonstrations},
  booktitle = {Proceedings of the 38th {ACM} {SIGPLAN} Conference on Programming
               Language Design and Implementation, {PLDI} 2017, Barcelona, Spain,
               June 18-23, 2017},
  pages     = {64--78},
  year      = {2017}
}

% Grand SyGuS
@incollection{NATOSec2015/Alur,
  author    = {Rajeev Alur and
               Rastislav Bod{\'{\i}}k and
               Eric Dallal and
               Dana Fisman and
               Pranav Garg and
               Garvit Juniwal and
               Hadas Kress{-}Gazit and
               P. Madhusudan and
               Milo M. K. Martin and
               Mukund Raghothaman and
               Shambwaditya Saha and
               Sanjit A. Seshia and
               Rishabh Singh and
               Armando Solar{-}Lezama and
               Emina Torlak and
               Abhishek Udupa},
  title     = {Syntax-Guided Synthesis},
  booktitle = {Dependable Software Systems Engineering},
  series    = {{NATO} Science for Peace and Security Series, {D:} Information and
               Communication Security},
  volume    = {40},
  publisher = {{IOS} Press},  
  pages     = {1--25},
  year      = {2015}
}


% My very own LPAR yay me
@inproceedings{LPAR2013/Itzhaky,
  author    = {Shachar Itzhaky and
               Sumit Gulwani and
               Neil Immerman and
               Mooly Sagiv},
  title     = {Solving Geometry Problems Using a Combination of Symbolic and Numerical
               Reasoning},
  booktitle = {Logic for Programming, Artificial Intelligence, and Reasoning - 19th
               International Conference, LPAR-19, Stellenbosch, South Africa, December
               14-19, 2013. Proceedings},
  pages     = {457--472},
  year      = {2013}
}

% Origin of PEGs
@inproceedings{POPL2009/Tate,
  author = {Tate, Ross and Stepp, Michael and Tatlock, Zachary and Lerner, Sorin},
  title = {Equality Saturation: a New Approach to Optimization},
  booktitle = {{POPL} '09: Proceedings of the 36th annual {ACM} {SIGPLAN-SIGACT} symposium on Principles of Programming Languages},
  year = {2009},
  pages = {264--276}
}

% Herbie
@inproceedings{PLDI2015/Panchekha,
 author = {Panchekha, Pavel and Sanchez-Stern, Alex and Wilcox, James R. and Tatlock, Zachary},
 title = {Automatically Improving Accuracy for Floating Point Expressions},
 booktitle = {Proceedings of the 36th ACM SIGPLAN Conference on Programming Language Design and Implementation},
 series = {PLDI '15},
 year = {2015},
 pages = {1--11},
 numpages = {11}
}

% Cache-oblivious
@inproceedings{SODA2006/Chowdhury,
 author = {Chowdhury, Rezaul Alam and Ramachandran, Vijaya},
 title = {Cache-oblivious Dynamic Programming},
 booktitle = {Proceedings of the Seventeenth Annual ACM-SIAM Symposium on Discrete Algorithm},
 series = {SODA '06},
 year = {2006},
 pages = {591--600},
 numpages = {10}
} 

% Julian Shun, thesis
@book{Thesis/Shun,
 author = {Shun, Julian},
 title = {Shared-Memory Parallelism Can Be Simple, Fast, and Scalable},
 year = {2017},
 address = {New York, NY, USA},
} 

% More Parallel Algorithms
@inproceedings{SPAA2018/Dhulipala,
 author = {Dhulipala, Laxman and Blelloch, Guy E. and Shun, Julian},
 title = {Theoretically Efficient Parallel Graph Algorithms Can Be Fast and Scalable},
 booktitle = {Proceedings of the 30th on Symposium on Parallelism in Algorithms and Architectures},
 series = {SPAA '18},
 year = {2018},
 pages = {393--404},
 numpages = {12}
} 

@misc{1993/Blelloch,
  author = {Blelloch, Guy},
  title = {Prefix Sums and Their Applications},
  year = {1993}
}

@inproceedings{SC2015/Acar,
 author = {Acar, Umut A. and Chargu{\'e}raud, Arthur and Rainey, Mike},
 title = {A Work-efficient Algorithm for Parallel Unordered Depth-first Search},
 booktitle = {Proceedings of the International Conference for High Performance Computing, Networking, Storage and Analysis},
 series = {SC '15},
 year = {2015},
 location = {Austin, Texas},
 pages = {67:1--67:12},
 articleno = {67},
 numpages = {12}
}

@inproceedings{ECOOP2014/Vaziri,
 author = {Vaziri, Mandana and Tardieu, Olivier and Rabbah, Rodric and Suter, Philippe and Hirzel, Martin},
 title = {Stream Processing with a Spreadsheet},
 booktitle = {Proceedings of the 28th European Conference on ECOOP 2014 --- Object-Oriented Programming - Volume 8586},
 year = {2014},
 isbn = {978-3-662-44201-2},
 pages = {360--384},
 numpages = {25}
} 
