@article{MLCS1994/Avron,
  author    = {Arnon Avron and
               Yoram Hirshfeld},
  title     = {Queries evaluation, relative safety, and domain independence in first-order
               database languages with functions},
  journal   = {Meth. of Logic in {CS}},
  volume    = {1},
  number    = {3},
  pages     = {261--277},
  year      = {1994}
}

@inproceedings{Festschrift2017/JohanssonDB10,
  author    = {Moa Johansson and
               Lucas Dixon and
               Alan Bundy},
  title     = {Dynamic Rippling, Middle-Out Reasoning and Lemma Discovery},
  booktitle = {Verification, Induction, Termination Analysis - Festschrift for Christoph
               Walther on the Occasion of His 60th Birthday},
  pages     = {102--116},
  year      = {2010}
}

@inproceedings{CAV2012/Hoffman,
  author    = {Jan Hoffmann and
               Klaus Aehlig and
               Martin Hofmann},
  title     = {Resource Aware {ML}},
  booktitle = {Computer Aided Verification - 24th International Conference, {CAV}
               2012, Berkeley, CA, USA, July 7-13, 2012 Proceedings},
  pages     = {781--786},
  year      = {2012}
}